@article{SP1,
   author = {周虹伯},
   title = {船舶岸电系统技术研究},
   journal = {仪表技术},
   volume = {345},
   number = {01},
   pages = {1-5+40},
   year = {2018},
   type = {Journal Article}
}
@article{SP2,
   author = {田鑫 and 杨柳 and 才志远 and 赵波},
   title = {船用岸电技术国内外发展综述},
   journal = {智能电网},
   volume = {2},
   number = {11},
   pages = {9-14},
   year = {2014},
   type = {Journal Article}
}
@article{SP3,
   author = {Yin, M. and Wang, Y. and Zhang, Q.},
   title = {Policy implementation barriers and economic analysis of shore power promotion in China},
   journal = {Transportation Research Part D-Transport and Environment},
   volume = {87},
   ISSN = {1361-9209},
   year = {2020},
   type = {Journal Article}
}
@phdthesis{SP4,
   author = {李佳},
   title = {船舶岸电船载自动控制系统的研究与设计},
   university = {大连海事大学},
   year = {2019},
   type = {Thesis}
}
@phdthesis{SP5,
   author = {黄俊},
   title = {基于DSP28335的静止式船舶岸电电源设计},
   university = {江苏大学},
   year = {2016},
   type = {Thesis}
}
@phdthesis{SP6,
   author = {曹鑫巍},
   title = {岸电无缝接入与解列船舶电网相关问题的研究},
   university = {东南大学},
   year = {2019},
   type = {Thesis}
}
@misc{SP7,
   author = {中华人民共和国海事局}, 
   title = {国际航行海船法定检验技术规则},
   year = {2018}
}
@phdthesis{SP8,
   author = {卞松辉},
   title = {船舶岸电无缝并网控制策略研究},
   university = {江苏科技大学},
   year = {2019},
   type = {Thesis}
}
@article{SP9,
   author = {毕长生 and 尚亚男 and 赵志远 and 林荣斌 and 周明},
   title = {船用岸电技术综述},
   journal = {交通节能与环保},
   volume = {13},
   number = {02},
   pages = {16-20},
   year = {2017},
   type = {Journal Article}
}
@article{SP10,
   author = {张晶 and 常征 and 亓学庆 and 张海波 and 李彬 and 祁兵},
   title = {面向能源互联网的船舶岸电系统研究综述},
   journal = {分布式能源},
   volume = {3},
   number = {02},
   pages = {1-8},
   year = {2018},
   type = {Journal Article}
}
@article{SP11,
   author = {王小宇},
   title = {船舶岸电系统建设研究},
   journal = {科技与创新},
   volume = {153},
   number = {09},
   pages = {149-150+152},
   year = {2020},
   type = {Journal Article}
}
@misc{SP12,
   author = {中华人民共和国交通运输部水运局}, 
   title = {港口岸电布局方案},
   year = {2020}
}
@phdthesis{SP13,
   author = {聂成},
   title = {船舶岸电一体化仿真系统研究},
   university = {江苏科技大学},
   year = {2019},
   type = {Thesis}
}
@article{SP14,
   author = {申宏斌},
   title = {以标准为支撑,促进岸电系统发展——岸电系统标准介绍},
   journal = {船舶标准化与质量},
   volume = {274},
   number = {01},
   pages = {21-24},
   year = {2018},
   type = {Journal Article}
}
@article{SP15,
   author = {Sulligoi, G. and Bosich, D. and Pelaschiar, R. and Lipardi, G. and Tosato, F.},
   title = {Shore-to-Ship Power},
   journal = {Proceedings of the Ieee},
   volume = {103},
   number = {12},
   pages = {2381-2400},
   ISSN = {0018-9219},
   year = {2015},
   type = {Journal Article}
}
@article{SP16,
   author = {李斌},
   title = {发展港口岸电系统 助推全社会节能减排},
   journal = {电力需求侧管理},
   volume = {17},
   number = {04},
   pages = {1-6},
   year = {2015},
   type = {Journal Article}
}
@article{SP17,
   title={年新增用电量150万千瓦时！港口岸电守护绿色长江},
   journal={国家电网报},
   author={李婕茜},
   year={2020}
}
@article{SP18,
   author = {冯书桓 and 吴笑风 and 李萍},
   title = {船舶岸电法规和标准全景扫描},
   year = {2020},
   journal={广东海事} 
}
















@article{RN6,
   author = {Colarossi, D. and Principi, P.},
   title = {Technical analysis and economic evaluation of a complex shore-to-ship power supply system},
   journal = {Applied Thermal Engineering},
   volume = {181},
   ISSN = {1359-4311},
   year = {2020},
   type = {Journal Article}
}

@article{RN1,
   author = {German-Galkin, Sergey and Tarnapowicz, Dariusz},
   title = {Energy Optimization of the ‘Shore to Ship’ System—A Universal Power System for Ships at Berth in a Port},
   journal = {Sensors},
   volume = {20},
   number = {14},
   pages = {3815},
   ISSN = {1424-8220},
   year = {2020},
   type = {Journal Article}
}



@article{RN3,
   author = {Wen, Shuli and Zhao, Tianyang and Tang, Yi and Xu, Yan and Zhu, Miao and Fang, Sidun and Ding, Zhaohao},
   title = {Coordinated Optimal Energy Management and Voyage Scheduling for All-Electric Ships Based on Predicted Shore-Side Electricity Price},
   journal = {IEEE Transactions on Industry Applications},
   volume = {57},
   number = {1},
   pages = {139-148},
   ISSN = {0093-9994},
   year = {2021},
   type = {Journal Article}
}

@article{RN4,
   author = {Wu, L. X. and Wang, S. A.},
   title = {The shore power deployment problem for maritime transportation},
   journal = {Transportation Research Part E-Logistics and Transportation Review},
   volume = {135},
   ISSN = {1366-5545},
   year = {2020},
   type = {Journal Article}
}













